<record><leader>00000cas a22000007a 4500</leader><controlfield tag="001">14869004</controlfield><controlfield tag="008">861124d19731980wiuwn ne      0    0eng d</controlfield><datafield ind1=" " ind2=" " tag="010"><subfield code="a">sn 86086804 </subfield></datafield><datafield ind1=" " ind2=" " tag="040"><subfield code="a">NPV</subfield><subfield code="b">eng</subfield><subfield code="c">NPV</subfield><subfield code="d">OCLCQ</subfield></datafield><datafield ind1=" " ind2=" " tag="042"><subfield code="a">msc</subfield></datafield><datafield ind1="0" ind2=" " tag="130"><subfield code="a">Sun (Hales Corners, Wis.)</subfield></datafield><datafield ind1="1" ind2="4" tag="245"><subfield code="a">The sun.</subfield></datafield><datafield ind1=" " ind2=" " tag="260"><subfield code="a">Hales Corners, Wis. :</subfield><subfield code="b">Community Newspapers Inc.,</subfield><subfield code="c">1973-1980.</subfield></datafield><datafield ind1=" " ind2=" " tag="300"><subfield code="a">v.</subfield></datafield><datafield ind1=" " ind2=" " tag="310"><subfield code="a">Weekly</subfield></datafield><datafield ind1=" " ind2=" " tag="321"><subfield code="a">Semiweekly,</subfield><subfield code="b">1974-1978</subfield></datafield><datafield ind1=" " ind2=" " tag="321"><subfield code="a">Weekly,</subfield><subfield code="b">1973-1974</subfield></datafield><datafield ind1="0" ind2=" " tag="362"><subfield code="a">Vol. 1, no. 1 (Feb. 22, 1973)-v. 1, no. 45 (Dec. 27, 1973) ; 47th year, no. 1 (Jan. 8, 1974)-53rd year, no. 45 (Nov. 6, 1980).</subfield></datafield><datafield ind1=" " ind2=" " tag="515"><subfield code="a">Volume and numbering vary.</subfield></datafield><datafield ind1=" " ind2=" " tag="752"><subfield code="a">United States</subfield><subfield code="b">Wisconsin</subfield><subfield code="c">Milwaukee</subfield><subfield code="d">Hales Corners.</subfield></datafield><datafield ind1=" " ind2=" " tag="752"><subfield code="a">United States</subfield><subfield code="b">Wisconsin</subfield><subfield code="c">Waukesha</subfield><subfield code="d">Muskego.</subfield></datafield><datafield ind1=" " ind2=" " tag="752"><subfield code="a">United States</subfield><subfield code="b">Wisconsin</subfield><subfield code="c">Waukesha</subfield><subfield code="d">Wind Lake.</subfield></datafield><datafield ind1=" " ind2=" " tag="752"><subfield code="a">United States</subfield><subfield code="b">Wisconsin</subfield><subfield code="c">Racine</subfield><subfield code="d">Big Bend.</subfield></datafield><datafield ind1="0" ind2="0" tag="780"><subfield code="t">Muskego-Lakeland hub</subfield><subfield code="w">(DLC)sn 86086801</subfield></datafield><datafield ind1="0" ind2="0" tag="785"><subfield code="t">Muskego sun</subfield><subfield code="w">(DLC)sn 86086805</subfield></datafield></record>